<?xml version="1.0" encoding="UTF-8"?><collection xmlns="http://www.loc.gov/MARC21/slim"><record><leader>00427nam--2200121-i-4500</leader><controlfield tag="001">000009635</controlfield><controlfield tag="002">20161230</controlfield><controlfield tag="005">20161230201028</controlfield><controlfield tag="008">060222s1000------------r-----000-0-eng-d</controlfield><datafield ind1=" " ind2=" " tag="100"><subfield code="a">Betteley,I.G.,Brookes,C.J.And Loxston,S.M</subfield></datafield><datafield ind1=" " ind2=" " tag="245"><subfield code="a">Mathemaitcs and statistics for students of chemistry,chemical engineering,chemical techno logy and allied subjects</subfield></datafield><datafield ind1=" " ind2=" " tag="260"><subfield code="a">London,John Willey And Sons Ltd.,1970. Vii + 418 P</subfield></datafield><datafield ind1=" " ind2=" " tag="852"><subfield code="a">34448</subfield></datafield></record></collection>